@misc{turing,
    title = "{Inspir√© de TeX Examples}",
    howpublished = "\url{https://texample.net/tikz/examples/turing-machine-2/}"
}
@article{arret,
author = {Turing, A. M.},
title = {On Computable Numbers, with an Application to the Entscheidungsproblem},
journal = {Proceedings of the London Mathematical Society},
volume = {s2-42},
number = {1},
pages = {230-265},
doi = {https://doi.org/10.1112/plms/s2-42.1.230},
url = {https://londmathsoc.onlinelibrary.wiley.com/doi/abs/10.1112/plms/s2-42.1.230},
eprint = {https://londmathsoc.onlinelibrary.wiley.com/doi/pdf/10.1112/plms/s2-42.1.230},
year = {1937}
}
@article{elements,
  title={Elements of the Theory of Computation},
  author={Lewis, Harry R and Papadimitriou, Christos H},
  journal={ACM SIGACT News},
  volume={29},
  number={3},
  pages={62--78},
  year={1998},
  publisher={ACM New York, NY, USA}
}
